%% LaTeX2e file `fluid.bib'
%% generated by the `filecontents' environment
%% from source `doc' on 2018/10/07.
%%
@online{Bacco2018fluid,
title = {fluid: Free Fluid Flux-Barriers Rotor for Synchronous
Reluctance Motor Drawing},
author = {Bacco, Giacomo},
journal = {GitHub},
url = {https://github.com/gbacco5/fluid},
urldate = {\today},
doi = {10.5281/zenodo.1214465},
date = {2018},
}
